2694 4562
693 880 905 980 oaurv.

320 1045 430 1130 ιιιι
470 1046 835 1138 saxonum
888 1031 1317 1138 oou'oromr·

192 1191 195 1200 ¹
244 1217 270 1280 ,s
377 1161 530 1254 ‘reue
555 1167 1242 1300 amouurumous.

404 1347 555 1457 omnis
582 1388 745 1458 Saxoniae
771 1385 915 1476 populns
946 1386 982 1452 in
1009 1382 1123 1474 plnres
1155 1385 1304 1456 divisus

316 1476 384 1538 erat
411 1468 559 1560 singulas
596 1485 730 1562 gentes,
764 1495 902 1562 quarum
928 1492 1147 1560 unaquaeque
1190 1497 1297 1540 sunm

317 1551 483 1622 hahltelirt
503 1561 673 1648 proprium
689 1559 863 1648 pagum),
886 1579 1000 1622 omnes
1022 1557 1298 1623 veroeommnni

314 1638 449 1706 uinculo
477 1641 566 1709 inter
592 1667 664 1712 seso
693 1645 890 1731 conjunctae
912 1651 1016 1706 erant.
1059 1638 1295 1729 Singulorum

313 1724 448 1790 istarum
470 1729 618 1816 gentium
640 1751 813 1820 supremus
835 1738 904 1793 erat
923 1727 1018 1805 linis,
1048 1736 1086 1792 ut
1112 1730 1293 1796 nniueen-

309 1810 434 1896 jusque
455 1825 651 1900 servaretur,
672 1816 780 1904 quoad
791 1813 863 1878 lieri
883 1825 1008 1902 posset,
1031 1833 1158 1878 summa
1179 1813 1293 1880 liber·

315 1905 376 1982 tas,
399 1899 575 1990 omniaque
596 1900 658 1966 ista
679 1911 938 1977 removerentur,
961 1919 1045 1992 qnae
1071 1896 1163 1964 illam
1185 1903 1287 1988 piae·

313 1984 422 2053 ridere
442 2006 541 2074 posse
567 1984 621 2053 vel
648 1985 779 2052 turbare
800 1987 914 2078 aliquo
941 1985 1042 2052 modo
1070 1985 1284 2050 viderentur.

280 2125 282 2134 .
313 2071 421 2154 Quam
451 2069 494 2136 ob
523 2094 654 2136 eausam
681 2072 812 2158 singuli·
829 2085 961 2153 eatenus
983 2069 1214 2138 tantummodo
1239 2071 1280 2136 de

310 2157 444 2248 propria
465 2177 525 2222 sua
545 2155 694 2222 libertate
715 2157 782 2224 sibi
803 2158 928 2226 detrahi
949 2157 1038 2248 parsi
1061 2168 1155 2233 snut,
1193 2177 1278 2245 qna·

309 2253 407 2310 ιιιιιι
435 2261 642 2341 eqmmunem
670 2243 772 2308 istum
797 2254 845 2322 ut⁵
863 2243 994 2331 assequi
1022 2242 1136 2306 liceret
1153 2241 1273 2322 tinem,
1318 2227 1319 2257 ¹

307 2348 528 2394 necessarium
555 2335 635 2391 erat.
684 2327 835 2401 Pericula
863 2338 971 2394 autem
999 2325 1142 2392 lilo'ertati
1162 2327 1272 2392 immi·

307 2413 420 2480 nentia
448 2411 591 2506 duplieis
619 2422 772 2500 poterant
799 2414 929 2499 generis
955 2411 1053 2482 easesss
1080 2411 1151 2476 Aut
1177 2413 1269 2477 enim
1315 2487 1316 2492 γ

279 2551 283 2565 ,
306 2497 479 2566 imminere
504 2507 654 2584 poteraut
680 2497 823 2583 singulis
850 2497 1050 2561 ermutnae
1079 2495 1266 2574 violationis

305 2584 433 2649 ultione
450 2595 548 2668 atque
562 2579 719 2662 vindicta,
735 2591 790 2644 ant
802 2581 948 2648 omnium
963 2579 1110 2646 libertati
1139 2581 1178 2646 ab
1204 2583 1265 2648 luo·

305 2669 410 2733 atibus
432 2664 576 2732 externis
598 2663 733 2748 instare.
758 2663 879 2748 ‘Quare
900 2665 1010 2735 omnia
1032 2659 1195 2732 Saxonum
1215 2667 1261 2732 ei·

304 2751 413 2818 vitatis
428 2747 638 2818 institutuant
652 2749 865 2816 violationnm
881 2763 1032 2842 spectant
1047 2753 1256 2840 expiationes,

292 2846 402 2927 ¹atque
423 2837 471 2904 sio
485 2834 726 2925 quodammodo
738 2837 877 2902 nonnisi
893 2846 1075 2904 conventus
1097 2847 1171 2902 sunt
1190 2859 1254 2902 om·
1316 2829 1317 2906 l

303 2923 395 2988 u'inm
422 2942 588 2988 consensu
615 2917 750 2995 sanciti,
786 2931 819 2986 et
843 2933 998 3012 tananm
1029 2917 1174 3007 judicia,
1200 2931 1252 2986 aut

244 3011 249 3022 ’
303 3007 344 3072 ad
365 3007 452 3072 bella
473 3013 621 3094 spectent
643 3014 676 3068 et
694 3013 800 3071 terrae
819 3029 1025 3074 communem
1052 3006 1094 3071 ab
1115 3007 1247 3078 hostium

301 3093 429 3182 impetn
462 3090 699 3157 defensionem.
757 3091 872 3180 ltaque
890 3089 1069 3158 'Saxonum
1096 3091 1245 3180 legislatio

198 3211 200 3221 =
300 3177 393 3265 pacis
416 3188 562 3280 tempore
584 3176 625 3242 ab
643 3171 783 3260 judiciis
804 3201 873 3244 non
900 3187 967 3242 erat
989 3176 1133 3260 diversa,
1161 3177 1243 3244 adeo·
1306 3195 1309 3204 ⁴

300 3253 365 3350 qni
399 3283 578 3329 eonerones
615 3275 647 3330 et
675 3259 804 3346 judicia
843 3263 1021 3348 conjuncta
1057 3271 1149 3350 atque
1181 3263 1240 3330 lere
1315 3319 1316 3346 ι

298 3348 591 3434 numidamque,
620 3359 658 3413 nt
683 3347 782 3414 etiam
808 3346 845 3416 in
867 3351 929 3414 hue
950 3369 1062 3413 eorum
1083 3349 1237 3438 iuvestiga-
1315 3367 1316 3415 l

174 3477 180 3505 ,
297 3434 388 3498 tione
409 3433 543 3522 sejungi
563 3443 739 3585 nequeant,
762 3443 794 3501 et
814 3445 970 3526 tanqurm
983 3455 1086 3498 unum
1101 3433 1235 3522 quiddam
1283 3473 1286 3482 ·

297 3529 401 3586 totum
422 3521 490 3586 sint
511 3519 604 3585 consi
628 3517 760 3586 eranda.

329 3690 357 3754 l)
374 3686 504 3742 Einhard.
523 3689 666 3744 annal-‘ed
683 3709 710 3742 a.
728 3689 802 3743 ⁷842
826 3690 972 3753 „Vastah'e
982 3690 1176 3744 Weatl'alaomm
1191 3709 1230 3759 pa*

378 3759 457 3878 {mi
471 3787 502 3798 ·-
520 3775 589 3811 ιιιιιιι
607 3775 640 3810 ex
656 3761 752 3812 veteris
765 3759 897 3814 saxoniae
913 3761 1027 3832 paqibne
1043 3768 1101 3814 erat
1117 3760 1177 3812 laud
1190 3762 1227 3816 du-

398 3826 423 3891 le
440 3843 527 3898 pagno
543 3827 640 3880 Bnelaiz
679 3828 806 3880 Einhard.
828 3831 918 3883 annal.
944 3849 969 3884 ιι.
984 3827 1052 3884 tto.
1072 3859 1101 3872 -
1121 3826 1194 3882 coh.
1208 3830 1224 3882 l.

379 3895 447 3968 Capc
464 3897 487 3959 1,
505 3897 567 3950 Not.
585 3891 625 3950 {all
642 3902 670 3949 et
687 3896 752 3970 Cap.
771 3898 807 3964 V,
824 3899 883 3953 Not
896 3897 926 3956 6.
1200 3935 1207 3948 ·
