2694 4562
472 467 677 588 L
721 443 725 454 .

137 685 192 736 am
205 670 303 740 ctiam
315 669 652 760 incaptiataubais*
693 669 888 760 reperimus,
908 681 942 738 et
955 681 1060 762 qnam‘

69 693 179 824 gueli
197 755 301 822 laissa
321 758 394 844 ipsa
416 755 585 839 Saxonum
606 757 739 844 regesi)
761 755 929 840 docemur,
950 755 994 822 ita
1017 768 1054 824 ut
1170 827 1172 836 .

73 841 230 930 =ingenui
245 865 317 908 cour
342 841 443 906 ositio
458 840 559 930 duplo
573 851 724 932 superata
737 843 781 908 sit
794 865 813 906 a
827 842 951 910 nobilis
966 865 1052 914 com·

73 925 267 1014 positione.
347 948 403 998 aco
424 949 502 996 vcro
524 951 608 1026 quae
629 928 666 994 iri
687 927 760 1014 lage
776 925 1005 994 Saxounm'co

79 1021 288 1077 memoratur
317 1012 567 1100 compositionis
598 1013 682 1078 ratic
709 1022 823 1100 aperte
855 1011 976 1080 Carolo
1006 937 1064 1110 a

79 1095 188 1162 debet
217 1095 392 1183 originem:
445 1095 541 1180 Quae*
566 1109 731 1184 praeterea
758 1097 865 1163 nobili
886 1097 996 1164 ordini
1017 1098 1054 1162 iri
1089 1176 1091 1182 Ι
1197 1147 1199 1152 .

63 1171 225 1266 'judiciis
246 1181 371 1248 fuerint
391 1180 528 1270 minoris
542 1181 700 1248 momenti
713 1178 886 1271 privilegia
899 1205 975 1248 cuin
987 1205 1055 1248 uia·

77 1268 165 1353 jore
187 1265 436 1354 compositionis
457 1267 557 1332 modo
580 1267 762 1332 arctimime
785 1267 981 1353 conjuncta.
1004 1268 1054 1332 in·
1095 1273 1109 1326 .“

81 1353 141 1416 fra
162 1350 346 1416 referantur
366 1351 425 1414 nbi
446 1351 488 1416 d'e
502 1350 645 1438 judiciis
667 1373 776 1417 sermo
798 1353 871 1418 erit.
902 1351 1053 1420 Tertium
1169 1393 1171 1400 ,

83 1419 125 1500 iii
149 1455 217 1536 quo
238 1435 371 1499 nobiles
384 1436 503 1500 ceteris
523 1429 697 1501 ordinibus
718 1437 937 1526 praestabant,
959 1438 995 1502 iu
1014 1463 1053 1506 eo

82 1529 233 1608 positupn
243 1529 305 1602 est,
315 1519 512 1608 quodsiiual
526 1520 694 1610 principes
708 1545 866 1613 pagorum
881 1523 1054 1590 maximam

85 1615 216 1691 parterii
237 1603 340 1671 scisse
352 1605 585 1687 sidenturffl).
629 1607 707 1672 Alia
718 1653 729 1690 ,
748 1609 879 1695 quibus
900 1609 1053 1680 frueban-

86 1701 145 1754 tur
177 1689 377 1754 Francorum
403 1691 614 1778 aliorumque
636 1691 832 1758 Germaniae
852 1715 897 1784 po
922 1693 1053 1760 ulcrum

85 1771 241 1859 nobiles,
263 1797 402 1876 quorum
416 1776 602 1842 auctoritas
622 1777 674 1846 vel
702 1777 796 1864 regio
819 1796 883 1866 quo
921 1779 1053 1850 obtine·
1087 1803 1101 1828 ¹

85 1857 146 1924 bat
166 1859 305 1948 imperio
327 1859 532 1942 efferebatur,
554 1861 632 1926 item
651 1861 694 1930 ad
708 1859 875 1930 Saxonum
885 1863 1053 1966 pertinere

85 1943 221 2010 nobiles
236 1943 368 2032 nullum
379 1945 477 2010 unde
488 1945 664 2033 conjicias,
687 1947 779 2014 adest
793 1947 966 2016 indicium.
988 1948 1052 2016 Eo·

88 2027 165 2092 (lem
193 2028 291 2096 modo
321 2029 362 2094 de
392 2029 574 2096 sacerdotio
604 2055 679 2098 cuin
708 2028 816 2098 nobili
838 2033 954 2100 oriline
976 2057 1052 2100 con·

83 2111 206 2200 juncto
227 2111 313 2178 nibil
328 2113 409 2180 certi
430 2125 634 2202 compertum
655 2114 834 2198 babemus,
857 2141 1053 2210 quamquam

89 2221 131 2263 cx
159 2197 327 2264 Saxonum
356 2203 398 2264 et'
416 2197 654 2268 Scaudinaiiae
671 2267 673 2274 ,
689 2201 886 2292 populorum
918 2201 1054 2309 pro‘pin·

89 2283 237 2372 quitata,
265 2305 364 2386 quam
391 2283 479 2386 'apud
506 2285 567 2351 bus
596 2288 802 2353 sacerdotum
832 2299 865 2353 ct
891 2289 1054 2356 nobilium
1142 2284 1145 2292 ¹
1260 2291 1265 2300 ”

89 2367 218 2434 ordinis
239 2390 302 2432 cuii
321 2380 511 2436 unctionem
532 2371 635 2436 inisse
666 2372 809 2454 scimus,
831 2373 967 2440 candem
989 2375 1054 2442 col·

90 2451 153 2544 ligi
173 2461 283 2544 potest
298 2393 488 2520 baxouibus
503 2475 637 2546 quoquc
647 2475 716 2522 non
731 2477 802 2522 csse
818 2455 1054 2546 denegandam.

220 2673 223 2680 “
282 2657 287 2678 ’
354 2676 436 2732 De
468 2622 789 2749 casanata.

176 2823 398 2926 ingenuorum
420 2844 503 2913 qnae
524 2821 648 2890 fuerint
664 2822 921 2928 jnra,‚quaeqne
937 2827 1056 2894 'eorum
1162 2837 1164 2844 ⁴

96 2907 243 2976 conditio
265 2933 304 2974 iri
322 2931 526 2996 universnm,
546 2929 656 2999 neque
670 2931 711 2974 ex
728 2910 974 3000 antiquioribus
988 2934 1058 2979 uio·

96 3055 297 3070 Μ

114 3127 162 3198 Μ)
180 3128 299 3199 Capitol.
324 3145 349 3182 a.
367 3124 431 3180 ‘897
453 3127 519 3198 Cap.
545 3127 590 3180 lim
627 3125 684 3189 „Si
702 3127 762 3198 quis
779 3127 813 3178 ile
829 3123 1007 3176 nobilioribus
1024 3125 1074 3178 ad*

105 3199 115 3208 '
177 3199 307 3268 placitum
323 3198 440 3250 manitus
457 3199 547 3250 venire
564 3197 766 3265 contempserit,
790 3195 841 3246 sol.
855 3193 892 3244 iv
903 3200 1056 3264 componat,

178 3268 302 3388 ippgenqi8
309 3266 369 3388 11¹,9
378 3267 438 3386 ligi⁰
445 3264 488 3318 1.“
512 3293 549 3334 γ---
583 3265 737 3336 capitulare
755 3263 919 3349 hierboru·
938 3279 964 3316 a.
988 3261 1055 3315 icis.

31 3385 35 3394 ·
89 3351 102 3376 ¹
202 3355 445 3398 ⁸⁸⁸⁸⁸
604 3372 607 3380 ¹
793 3363 796 3370 ’

114 3417 157 3489 tt)
174 3354 236 3472 'l'itlJ
247 3419 300 3482 iv,
324 3419 337 3487 5
355 3416 389 3470 82
426 3455 445 3486 ‚,
451 3415 590 3488 Quidquid
600 3417 651 3470 ‘vel
667 3431 722 3469 uuo
739 3416 848 3468 denario
864 3403 954 3468 minus
970 3411 1057 3468 tribus

179 3488 275 3542 solidis
300 3485 428 3559 quislibet
448 3489 521 3539 inito
543 3486 695 3546 abstulerit,
713 3487 874 3540 nemeaeum
895 3490 967 3546 onst,
986 3485 1059 3552 qaod
1134 3491 1139 3499 “

180 3557 307 3610 abstulitr
334 3560 427 3626 etpro
451 3555 562 3617 trudo,
588 3557 611 3606 si
628 3555 728 3607 nobilis
744 3553 843 3616 tuerit,
873 3501 898 3606 l

72 3644 75 3658 ·
114 3641 117 3649 ¹
149 3653 151 3662 ι
180 3627 205 3679 si
221 3625 286 3678 litua
303 3623 341 3677 lv
358 3629 386 3677 et
403 3624 526 3676 conscius
544 3619 706 3676 stantiam

77 3727 80 3731 ·
117 3707 165 3780 tt)
182 3709 223 3762 Ex
240 3707 425 3794 compluribus
443 3710 512 3762 enim
529 3708 670 3760 annalibus
688 3701 1060 3776 (at.i.1.cip.nt,1toio.)
1096 3737 1101 3743 -

138 3783 141 3792 '
180 3785 271 3850 patere
287 3779 394 3830 videtui·
410 3777 439 3829 in
455 3777 528 3831 bello
545 3777 719 3848 optimatibus
736 3776 877 3828 maximam
893 3779 995 3844 partem
1012 3773 1059 3824 ub-

181 3849 285 3900 veaissa
302 3847 458 3968 iippeqiiim,
482 3847 556 3918 quoii
567 3847 624 3900 siue
641 3845 808 3902 dubitatione
824 3845 960 3918 principes
977 3857 1059 3913 pago·

182 3933 244 3970 rum
261 3923 322 3970 tene
341 3933 396 3968 au.

866 3977 914 4046 4*

899 3551 923 3604 ΙΙ
945 3552 1058 3614 solidos,
1178 3624 1181 3630 .
