2694 4562
764 457 822 522 20

307 661 442 745 ratique
462 646 637 724 devillieo
660 658 752 726 etde
773 681 850 747 rege
873 667 905 723 et
925 655 1062 807 satrapis
1085 655 1216 728 dicta
1246 665 1334 732 sunt

306 757 440 810 -tautum
462 745 584 821 abest,·
602 752 640 804 ut
667 743 745 812 aliis
766 744 806 807 de
827 743 925 808 rebus
942 741 1013 830 pub
1030 740 1335 822 ieis‚Saxonnn

306 828 514 895 testimoniis
535 838 742 913 repugnent,
773 839 809 891 ut
836 851 856 892 a
876 827 1042 892 Saxonum
1063 827 1330 913 posteriorum

312 911 529 999 scriptoribus
544 922 650 999 atque
662 911 832 1000 imprimis*
846 935 865 975 a
880 911 1115 978 Witteehiudo
1147 931 1329 998 compro

313 1001 434 1064 heutur
453 1007 551 1084 atque
572 997 779 1064 affirmentur.
823 995 934 1079 Quare
956 1021 1026 1060 non
1048 1007 1123 1081 est,
1171 1019 1256 1062 cur
1280 1019 1324 1061 ce

308 1082 391 1147 'teris
414 1081 657 1148 Bedaessveruis
674 1081 754 1149 fides
777 1105 853 1146 non·
868 1081 1034 1148 habeatur.

397 1168 508 1252 Atque
529 1165 566 1228 in
588 1163 629 1228 iis
652 1164 801 1251 quidem,
815 1189 908 1266 'quae
931 1165 1072 1253 exposui
1093 1165 1141 1231 de
1154 1224 1157 1230 .
1172 1167 1322 1254 Angla·

305 1249 725 1338 ⁸sanonumscriptoribus,
748 1252 1024 1335 acquiescendum
1040 1273 1113 1314 esse
1140 1251 1318 1334 videtum

305 1359 421 1426 meque
443 1335 700 1423 enimpraeterea
721 1335 810 1422 apud
832 1356 888 1399 eos
910 1335 953 1398 de
974 1333 1148 1400 Saxonum
1182 1331 1233 1402 re
1256 1362 1317 1426 pu·

197 1473 221 1482 ..
312 1423 397 1486 blica
419 1421 535 1483 notitia
550 1417 707 1506 quaedem
726 1420 903 1502 invenitur,
919 1422 1137 1508 nequequae
1168 1421 1227 1486 de
1244 1429 1313 1488 An·

334 1499 526 1569 ldsaxunum
542 1504 641 1576 rebus
657 1505 800 1590 publicis
822 1506 938 1570 tradita
961 1515 1049 1587 sunt,
1069 1526 1110 1568 ‘ea
1129 1506 1182 1571 ad
1214 1509 1315 1596 ipsos

306 1529 389 1659 diuet
410 1587 556 1654 Saxones
578 1589 774 1674 transferre,
799 1587 875 1654 edm·
895 1610 979 1676 quus
1000 1611 1108 1654 mures
1132 1601 1173 1656 et
1200 1594 1312 1658 iusti-

310 1687 379 1740 tuta
407 1675 511 1762 priori
540 1697 584 1740 ex
609 1674 714 1762 patria
734 1675 988 1760 A'ugtosamnes
1016 1675 1053 1738 iu
1068 1674 1309 1749 Britanniam

201 1792 205 1797 ·
272 1761 275 1764 ’
309 1759 534 1835 traduxerint,
563 1782 687 1854 quosve
714 1783 732 1824 a
763 1760 952 1859 Britanniae
979 1759 1116 1860 pepulis
1135 1763 1306 1828 subactis

152 1869 155 1878 ⁴
196 1855 199 1865 “
310 1845 448 1912 mutuati
471 1845 564 1926 siut,
594 1855 736 1930 nequeat
761 1843 957 1928 dijudicari,
980 1867 1047 1908 ursa
1068 1843 1174 1932 prius,
1208 1845 1306 1934 quae

245 1958 246 1964 ¹
308 1929 499 1999 saxonibus
528 1928 563 1992 iu
593 1927 768 2006 Germania
797 1928 1020 2012 habitantibus
1048 1931 1194 2017 propria¹
1224 1931 1305 1996 fue·

309 2014 398 2097 rint,
430 2014 474 2078 sit
501 2012 719 2100 exploratum·
764 2012 878 2080 Restat
898 2012 1016 2098 igitur,
1045 2025 1080 2077 nt
1102 2015 1303 2082 disseratur

310 2101 351 2176 de
360 2099 529 2164 Saxonum
544 2099 862 2185 psonuntensium,
879 2091 1000 2186 quibus
1015 2100 1138 2186 duplici
1153 2103 1300 2168 ratione

309 2183 358 2250 uti
379 2183 466 2246 lieet.
490 2181 573 2247 Nam
597 2183 737 2266 prim'um
756 2207 802 2264 ex
823 2186 865 2248 iis
880 2185 1172 2269 possunehauriai,
1196 2211 1296 2274 quae
1337 2191 1338 2198 ’

81 2244 84 2252 ¹
161 2307 164 2314 .
227 2267 230 2272 ’
266 2331 268 2335 ,
309 2267 505 2352 denumque
528 2264 695 2333 Suionum
720 2289 757 2331 re
782 2267 1053 2356 publiea1dedita
1080 2291 1177 2356 opera
1200 2283 1296 2336 snut

310 2353 409 2427 dieta,
434 2352 479 2416 ita
501 2357 625 2436 umen,-
645 2363 681 2416 ut
702 2364 795 2420 eante
817 2354 1048 2440 sejungantur,
1070 2376 1154 2442 quae
1168 2354 1222 2418 vel
1243 2380 1291 2423 ex

247 2453 252 2464 '
309 2437 418 2502 Taciti
434 2437 565 2525 seriptis
574 2437 672 2523 petita
688 2440 788 2514 velex
798 2440 942 2526 ipsorum
955 2441 1289 2527 seripturumtempo·

306 2523 402 2586 ribus
424 2521 459 2582 in
480 2521 759 2607 prioratempora
780 2523 848 2586 sint
869 2523 1024 2600 traducta.
1048 2523 1176 2604 Deinde
1197 2545 1284 2591 vero

217 2665 222 2671 .
308 2605 453 2669 etiam‘ex
463 2603 629 2668 Saxonum
642 2612 750 2670 rerum
765 2605 1068 2708 publicarum-statu
1083 2605 1185 2700 quade
1199 2623 1283 2694 post

308 2675 463 2776 Ceruium
483 2687 538 2772 Μ,
552 2689 655 2769 fuisse
676 2691 933 2779 ascriptoribus
956 2693 1274 2791 traditur,'priorem

308 2775 433 2863 poteris
456 2797 674 2860 cognoscere,
709 2777 750 2849 si,
775 2798 857 2861 quae
879 2798 897 2836 a
919 2774 1036 2842 Carula
1057 2776 1104 2838 M.
1127 2777 1273 2856 nnstituta

307 2872 406 2948 atque
428 2861 547 2922 mutata
569 2869 662 2934 aunt,
679 2871 859 2940 ‘recuruum
889 2871 1047 2944 quantum
1069 2858 1103 2921 id
1125 2859 1190 2923 fieri
1209 2881 1269 2946 po·

307 2953 389 3026 test,
417 2941 621 3006 discreveris.
674 2941 767 3008 Hane
797 2941 960 3030 duplicem
989 2942 1090 3030 igitur
1116 2945 1263 3012 ratiduem

308 3026 343 3095 in
366 3038 496 3114 postera
517 3035 753 3114 persequemur
774 3027 992 3115 disputatione
1008 3028 1079 3109 jum
1109 3025 1146 3086 de
1168 3021 1258 3088 Saxo·

215 3135 220 3142 ·
307 3136 394 3184 utun·
408 3111 482 3201 lege
504 3112 645 3200 primum
669 3110 764 3179 verba
784 3111 917 3177 facturi.
998 3111 1005 3120 “

584 3371 648 3428 De
664 3371 750 3448 tepe
768 3371 990 3430 saxoneum.

391 3539 558 3616 Saxonum
579 3549 662 3638 legis
678 3541 825 3640 quaesit
848 3551 882 3615 in
897 3559 1008 3615 nostra
1023 3547 1063 3614 de
1085 3513 1245 3634 antiquissi-

130 3637 137 3649 ‘
189 3707 195 3720 x
304 3623 369 3700 mis'
391 3635 557 3701 Saxonum
590 3638 688 3700 rebus
716 3637 860 3726 publicis
883 3635 1074 3724 quaestione
1096 3633 1244 3698 auctoritas

304 3741 378 3783 enm
401 3713 573 3802 dijudicari
595 3745 661 3787 non
684 3722 803 3810 possit,
826 3721 891 3788 nisi
910 3732 984 3785 ante
998 3720 1038 3785 de
1053 3719 1123 3804 ejus
1137 3730 1242 3783 auctore
1305 3717 1308 3724 ’

303 3801 401 3892 atque
422 3807 464 3868 de
485 3806 643 3894 tempore,
666 3829 731 3958 quo
746 3807 790 3872 sit
810 3807 1004 3908 composita,
1024 3803 1125 3889 fuerit
1144 3802 1238 3868 eonsti-

299 3901 420 3969 ιιιιῑιιιιι,
442 3889 503 3958 luae
527 3891 657 3982 quidem
697 3917 765 3960 ere
779 3893 823 3960 ita
845 3915 879 3960 ιιι
903 3913 1047 3960 nmmum
1062 3887 1235 3991 induxi-dis·
