2694 4562
327 645 552 730 Saxonicum)
566 643 774 733 intelligitur,
795 641 949 710 ordinum
957 638 1035 726 jura
1046 647 1323 724 nonnumquam

326 733 429 802 deleri
448 731 616 824 potuisse,
642 731 704 796 atsi
725 753 792 819 qna
808 729 849 794 id
869 725 1059 794 conditione
1079 721 1160 794 fieri
1216 731 1323 807 orne·

325 820 385 897 rit,
409 814 592 886 accuratius
613 815 751 882 delinire
772 836 841 878 non
862 813 952 880 licet.
981 809 1157 876 Hactenus
1212 827 1236 872 e
1265 829 1324 872 ore¹

308 905 459 972 dinibus
479 899 740 970 in'unirersum.
767 897 973 988 Desingulis
986 893 1320 964 ordinibualmecce

600 1209 676 1266 ue
709 1179 1021 1268 nocareto-e.

407 1385 583 1455 Nobilium
603 1385 752 1452 ordinem
773 1385 861 1475 apud
883 1384 1031 1454 Saxones
1050 1386 1121 1474 jam
1143 1381 1308 1450 anteCr·

323 1471 390 1541 roll
410 1473 457 1542 M.
482 1482 630 1560 tempora
641 1472 805 1538 exstitisse
826 1495 926 1560 supra
947 1473 1210 1538 demonstratum
1235 1479 1307 1535 est.

322 1555 413 1624 Num
433 1579 512 1624 vero
541 1557 597 1622 bio
625 1557 706 1622 ordo
722 1557 795 1644 jam
822 1557 1061 1648 antiquissimis
1082 1553 1305 1658 temporibus

323 1641 516 1710 statuendu's
531 1641 690 1720 videatur,
711 1643 857 1708 fortasse'
865 1646 937 1730 jana
951 1653 1026 1710 aute
1040 1666 1140 1732 quam
1155 1665 1194 1706 ιιι
1211 1637 1304 1704 Ger·
1325 1659 1326 1674 ¹

321 1729 466 1794 maniam
493 1727 714 1816 migraverunt
731 1723 907 1814 Saxones,
938 1738 1102 1822 quaeest
1127 1727 1175 1794 fl.
1204 1724 1301 1790 Leo·

150 1822 153 1832 ’
210 1829 214 1844 ’
308 1812 437 1901 ‚nis²²)
466 1811 647 1891 sententia,
682 1813 741 1916 qui
767 1813 941 1900 Edilingos
978 1814 1155 1880 arbitratur
1181 1809 1298 1900 regias

322 1920 396 1964 esse
417 1897 559 1964 familias
581 1897 623 1962 ab
639 1897 751 1964 Odmo
765 1899 928 1986 originem
943 1923 1037 1966 suam
1052 1899 1224 1981 ducentes,
1248 1917 1296 1960 an
1326 1910 1327 1914 ’

322 1981 562 2072 posterioribus
577 1983 710 2050 demum
722 1985 926 2074 temporibus
944 1985 981 2050 in
997 1983 1175 2052 Germania
1196 1990 1296 2046 ortus

200 2111 208 2118 -
321 2068 390 2148 sit,
412 2067 448 2134 in
470 2067 603 2143 incerto
621 2068 831 2158 relinquitur.
854 2071 1004 2136 Tametsi
1021 2092 1102 2138 rero
1123 2065 1296 2141 nobilium

320 2151 492 2218 historiam
519 2153 598 2219 inde
626 2153 666 2219 ab
689 2159 760 2236 ejus
787 2154 915 2243 origine
936 2166 1083 2245 repetere
1104 2148 1291 2228 nonlicet,

320 2239 430 2304 tamen
446 2239 476 2302 si
491 2259 603 2304 eoram
618 2239 785 2326 potentiae
805 2239 1052 2306 consideramus
1073 2239 1290 2316 incrementa,

323 2343 408 2411 quae
440 2321 519 2390 inde
548 2322 589 2389 ab
611 2323 724 2388 initiis
743 2323 859 2412 primis
881 2347 941 2418 per
985 2325 1059 2392 lure
1080 2321 1208 2412 saecula
1229 2343 1289 2384 au·

344 2407 393 2473 eri
413 2407 581 2475 videmusr
603 2409 674 2476 veri
695 2407 870 2492 admodum
884 2349 998 2478 simile·
1008 2419 1059 2476 est
1079 2431 1136 2475 eos
1156 2431 1222 2472 non
1244 2405 1287 2470 li-

320 2431 476 2559 berorum
495 2492 666 2581 proprium
689 2493 838 2558 ordinem
859 2495 974 2570 fnisse,
999 2495 1058 2560 sed
1079 2493 1126 2558 ita
1146 2515 1215 2557 esse
1230 2515 1285 2556 or·

320 2589 386 2661 tos,
407 2575 592 2643 etsensim
614 2572 867 2665 sensimque'ab
888 2577 1045 2666 ingenuis
1067 2599 1140 2644 sese
1161 2575 1283 2662 disjun-

310 2663 440 2730 xerint.
485 2659 577 2728 llinc
597 2671 667 2746 est,
695 2661 785 2750 qnod
813 2662 924 2728 omnia
947 2664 1027 2751 jura
1049 2661 1210 2730 nobilium
1230 2683 1283 2726 or-

209 2768 212 2780 ·
321 2746 395 2814 dini
416 2747 605 2816 communia
633 2759 726 2813 erant
747 2769 823 2813 oum
843 2748 1018 2834 ingenuis3
1045 2747 1106 2814 ille
1126 2769 1211 2814 vero.
1225 2767 1281 2809 ex·

321 2833 462 2900 cellebat
489 2835 523 2900 et
550 2831 712 2919 ampliore
740 2831 828 2897 baud
866 2831 966 2897 dubie
993 2830 1221 2921 possessione,
1246 2840 1279 2896 et

322 2917 567 3007 compositione
589 2917 725 3004 majore.
770 2916 1053 3005 Compositionem
1066 2917 1173 2983 tamen
1192 2915 1275 3004 quod

321 3003 455 3087 attinet,
476 3001 654 3068 discrimen
677 3012 804 3068 tantum
825 3001 914 3070 inter
923 3002 1053 3068 nobiles
1075 3013 1170 3092 atque
1190 3001 1273 3090 inge·

320 3110 408 3154 nuos
429 3109 499 3153 non
520 3088 650 3164 videtur
670 3087 938 3172 intercessisse,¹
969 3099 1104 3154 uantum
1132 3085 1272 3170 traditum

321 3185 371 3238 est
392 3173 429 3238 in
451 3170 619 3239 Saxonum
639 3173 782 3262 legen).
825 3173 895 3239 lmo
917 3195 954 3237 ea
977 3195 1028 3238 em
1049 3173 1177 3238 videtur
1194 3193 1271 3245 rom·

307 3258 498 3348 'positionis
524 3258 609 3326 ratio
646 3259 813 3339 nobilium
848 3269 881 3326 et
915 3258 1135 3350 ingenuorum
1166 3253 1270 3342 luisse,

322 3419 527 3434 Ἣ

338 3505 389 3575 21)
407 3507 487 3580 Sper.
506 3508 567 3566 Sar.
586 3507 647 3560 Lib.
665 3505 689 3574 1,
707 3506 754 3572 lb,
773 3509 786 3575 ᾗ
805 3507 820 3558 l
839 3507 874 3560 cl.
893 3507 922 3558 b.
940 3509 961 3560 l.
981 3507 1012 3560 G.
1025 3505 1075 3574 m,
1092 3505 1145 3558 Not
1160 3502 1198 3556 ld.
1251 3547 1257 3560 .

278 3627 282 3635 .
338 3589 387 3660 aa)
405 3590 557 3714 L‘lllffi
564 3593 612 3646 aas
630 3585 789 3648 ceraunon
806 3596 852 3646 nea
871 3591 1055 3648 ultronea.
1091 3581 1267 3676 unte-18⁵⁰,

338 3747 389 3816 25)
406 3677 559 3801 lSndcglanrlum
575 3735 665 3818 legens
677 3725 877 3800 Saxonnmlito
894 3747 1052 3800 duodecima
1068 3703 1130 3818 bars
1153 3747 1268 3816 composi-

408 3819 490 3870 tionis
506 3819 593 3872 nobili
609 3819 800 3888 incompositae
819 3817 966 3869 constituta
982 3823 1054 3880 erat3
1079 3817 1116 3868 οἰ.
1140 3815 1194 3870 bu.
1210 3815 1265 3869 Sar.

409 3885 464 3939 Tit.
483 3887 523 3952 11,
550 3889 563 3956 ξ
582 3885 597 3939 l
616 3893 643 3940 et
658 3886 695 3951 ὅς
714 3887 751 3940 el.
770 3883 798 3938 b.
817 3887 837 3940 1.
858 3885 924 3957 Cap.
942 3885 966 3950 Ι,
982 3903 1046 3956 pag.
1063 3881 1111 3938 28.
